@inproceedings{Yuvraj:09,
    author = {Agarwal, Yuvraj and Hodges, Steve and Chandra, Ranveer and Scott, James and Bahl, Paramvir and Gupta, Rajesh},
    title = {Somniloquy: Augmenting network interfaces to reduce PC energy usage},
    booktitle = {NSDI'09: Proceedings of the 6th USENIX symposium on Networked systems design and implementation},
    year = {2009},
    pages = {365--380},
    location = {Boston, Massachusetts},
    publisher = {USENIX Association},
    address = {Berkeley, CA, USA},
}

@inproceedings{Sergiu:09,
    author = {Nedevschi, Sergiu and Chandrashekar, Jaideep and Liu, Junda and Nordman, Bruce and Ratnasamy, Sylvia and Taft, Nina},
    title = {Skilled in the art of being idle: reducing energy waste in networked systems},
    booktitle = {NSDI'09: Proceedings of the 6th USENIX symposium on Networked systems design and implementation},
    year = {2009},
    pages = {381--394},
    location = {Boston, Massachusetts},
    publisher = {USENIX Association},
    address = {Berkeley, CA, USA},
}

@inproceedings{Bo:04,
    author = {Zhai, Bo and Blaauw, David and Sylvester, Dennis and Flautner, Krisztian},
    title = {Theoretical and practical limits of dynamic voltage scaling},
    booktitle = {DAC '04: Proceedings of the 41st annual Design Automation Conference},
    year = {2004},
    isbn = {1-58113-828-8},
    pages = {868--873},
    location = {San Diego, CA, USA},
    doi = {http://doi.acm.org/10.1145/996566.996798},
    publisher = {ACM},
    address = {New York, NY, USA},
}

@article{Luiz:07,
    author = {Barroso, Luiz Andr\'{e} and H\"{o}lzle, Urs},
    title = {The Case for Energy-Proportional Computing},
    journal = {Computer},
    volume = {40},
    number = {12},
    year = {2007},
    issn = {0018-9162},
    pages = {33--37},
    doi = {http://dx.doi.org/10.1109/MC.2007.443},
    publisher = {IEEE Computer Society Press},
    address = {Los Alamitos, CA, USA},
}

@inproceedings{Asfandyar:09,
    author = {Qureshi, Asfandyar and Weber, Rick and Balakrishnan, Hari and Guttag, John and Maggs, Bruce},
    title = {Cutting the electric bill for internet-scale systems},
    booktitle = {SIGCOMM '09: Proceedings of the ACM SIGCOMM 2009 conference on Data communication},
    year = {2009},
    isbn = {978-1-60558-594-9},
    pages = {123--134},
    location = {Barcelona, Spain},
    doi = {http://doi.acm.org/10.1145/1592568.1592584},
    publisher = {ACM},
    address = {New York, NY, USA},
}

@inproceedings{Michael:09,
    author = "Michael Lammie and Douglas Thain and Paul Brenner",
    title = "{Scheduling Grid Workloads on Multicore Clusters to Minimize Energy and Maximize Performance}",
    booktitle = "{IEEE Grid Computing}",
    year = 2009,
    cclpaperid = "75"
}

@inproceedings{David:09,
    author = {Meisner, David and Gold, Brian T. and Wenisch, Thomas F.},
    title = {PowerNap: eliminating server idle power},
    booktitle = {ASPLOS '09: Proceeding of the 14th international conference on Architectural support for programming languages and operating systems},
    year = {2009},
    isbn = {978-1-60558-406-5},
    pages = {205--216},
    location = {Washington, DC, USA},
    doi = {http://doi.acm.org/10.1145/1508244.1508269},
    publisher = {ACM},
    address = {New York, NY, USA},
}
@inproceedings{Tolia:08,
  author =	 {Niraj Tolia and Zhikui Wang and Manish Marwah and Cullen Bash and Parthasarathy Ranganathan and Xiaoyun Zhu},
  title =	 {Delivering Energy Proportionality with Non Energy-Proportional Systems -- Optimizing the Ensemble},
  booktitle =	 {Proceedings of the 1st Workshop on Power Aware Computing and Systems (HotPower '08)},
  year =	 2008,
  address =	 {San Diego, CA},
  month =	 dec,
}

@techreport{Dawson-Haggerty:09,
    Author = {Dawson-Haggerty, Stephen and Krioukov, Andrew and Culler, David E.},
    Title = {Power Optimization â€“ a Reality Check},
    Institution = {EECS Department, University of California, Berkeley},
    Year = {2009},
    Month = {Oct},
    URL = {http://www.eecs.berkeley.edu/Pubs/TechRpts/2009/EECS-2009-140.html},
    Number = {UCB/EECS-2009-140},
}

@article{Sandia:09,
    author = {Sandia Labs},
    title = {Greening Red Sky},
    journal = {Sandia@60},
    year = {2009},
    url = {http://www.sandia.gov/LabNews/ln05-22-09/labnews05-22-09.pdf}
}
@article{TreeHugger:08,
    author = {Michael Graham Richard},
    title = {Number of the Day: 11.8 Million},
    url = {http://www.treehugger.com/files/2008/06/data-centers-computer-servers-energy-usage-statistics.php},
    year = {2008},
    month = {June}
}

@article{Albert:09,
    author = {Greenberg, Albert and Hamilton, James and Maltz, David A. and Patel, Parveen},
    title = {The cost of a cloud: research problems in data center networks},
    journal = {SIGCOMM Comput. Commun. Rev.},
    volume = {39},
    number = {1},
    year = {2009},
    issn = {0146-4833},
    pages = {68--73},
    doi = {http://doi.acm.org/10.1145/1496091.1496103},
    publisher = {ACM},
    address = {New York, NY, USA},
}

@techreport{Judy:04,
    author = {Judy A. Roberson and Carrie A. Webber and Marla McWhinney and Richard E. Brown and Margaret J. Pinckard and John F. Busch},
    title = {After-hours Power Status of Office Equipment and Energy Use of Miscellaneous Plug-Load Equipment},
    Institution = {Lawrence Berkeley National Laboratory, Berkeley, California},
    month = {May},
    year = {2004},
    Number = {LBNL-53729-Revised}    
}

@techreport{Kurt:07,
    author = {Kurt W. Roth and Kurtis McKenney},
    title = {Energy Consumption by Consumer Electronics in U.S. Residences},
    Institution = {TIAX LLC for the Consumer Electronics Association (CEA)},
    month = {Dec},
    year = {2007},
    number = {D5525}
}

@misc{Robert:06,
    author = {Robert A. Rohde},
    title = {Global warming art project},
    url = {http://www.globalwarmingart.com/wiki/File:Nuclear\_Power\_History\_png}
}

@misc{acpi,
    author = {Hewlett-Packard Corporation and Intel Corporation and Microsoft Corporation and Phoenix Technologies Ltd. and Toshiba Corporation},
    title = {Advanced Configuration and Power Interface Specification},
    url = {http://www.acpi.info/DOWNLOADS/ACPIspec40.pdf?bcsi_scan_2732326C0C392ABB=0&bcsi_scan_filename=ACPIspec40.pdf},
    year = {2009},
    month = {June}
}

@misc{irwt,
    author = {Intel Corporation},
    title = {Intel Remote Wake Technology},
    url = {http://www.intel.com/technology/chipset/remotewake.htm},
}

@misc{ipmi,
    author = {Intel Corporation},
    title = {Intelligent Platform Management Interface},
    url = {http://www.intel.com/design/servers/ipmi/},
}

@misc{Bruce:08,
    author = {Bruce Nordman},
    title = {Networks, Energy, and Energy Efficiency},
    note = {Cisco Green Research Symposium},
    url = {http://www.cisco.com/en/US/prod/collateral/modules/ps2706/ps6526/brochure_C02-502519.pdf},
}

@misc{wol,
    author = {Philip Lieberman},
    title = {White Paper: Wake on LAN Technology},
    url = {http://www.liebsoft.com/pdfs/Wake_On_LAN.pdf},
    year = {2006},
    month = {June}
}

@article{Ratnesh:05,
    author = {Ratnesh K. Sharma and Cullen E. Bash and Chandrakant D. Patel and Richard J. Friedrich and Jeffrey S. Chase},
    title = {Balance of Power: Dynamic Thermal Management for Internet Data Centers},
    journal ={IEEE Internet Computing},
    volume = {9},
    number = {1},
    issn = {1089-7801},
    year = {2005},
    pages = {42-49},
    doi = {http://doi.ieeecomputersociety.org/10.1109/MIC.2005.10},
    publisher = {IEEE Computer Society},
    address = {Los Alamitos, CA, USA},
}

@techreport{Neil:06,
    author = {Neil Rasmussen},
    title = {Electrical Efficiency Modeling of Data Centers},
    Institution = {APC},
    number = {White Paper \#113},
    year = {2006}
}

@inproceedings{Liu:09,
    author = {Liang Liu1 and  Hao Wang and Xue Liu and Xing Jin and WenBo He and QingBo Wang and Ying Chen},
    title = {GreenCloud: A New Architecture for Green Data Center},
    booktitle = {Proceedings of the 6th International Conference industry session on Autonomic Computing and Communications Industry Session},
    year = {2009},
    month = {June},
}

@inproceedings{Ripal:08,
    address = {New York, NY, USA},
    author = {Nathuji, Ripal and Schwan, Karsten},
    booktitle = {HPDC '08: Proceedings of the 17th international symposium on High performance distributed computing},
    doi = {10.1145/1383422.1383438},
    isbn = {978-1-59593-997-5},
    location = {Boston, MA, USA},
    pages = {119--128},
    publisher = {ACM},
    title = {VPM tokens: virtual machine-aware power budgeting in datacenters},
    url = {http://dx.doi.org/10.1145/1383422.1383438},
    year = {2008}
}

@article{gwa,
	author	= {A. Iosup and H. Li and M. Jan and S. Anoep and C. Dumitrescu and L. Wolters and D.H.J. Epema},
	title	= {The Grid Workloads Archive},
	journal	= {Future Generation Comp. Syst.},
	year	= {2008},
	volume	= {24},
	number	= {7},
	pages	= {672-686},
	url	= {http://www.pds.ewi.tudelft.nl/%7Eiosup/GWA_FGCS.pdf},
	project	= {VL-E},
	topic	= {Grids},
	group	= {PDS},
}

@article{tcpcp,
    author = {Werner Almesberger},
    title = {TCP Connection Passing},
    journal = {Ottawa Linux Symposium},
    year = {2004},
    month = {July}
}

@ARTICLE{mosix,
    author = {Amnon Barak},
    title = {The MOSIX Multicomputer Operating System for High Performance Cluster Computing},
    journal = {Journal of Future Generation Computer Systems},
    year = {1998},
    volume = {13},
    pages = {4--5}
}